% Seminar on Network Security, BiBTeX template 
% Example entries 


@book{pierce1991basic,
  title={Basic category theory for computer scientists},
  author={Pierce, Benjamin C},
  year={1991},
  publisher={MIT press}
}
 
@book{computational,
  title={Computational category theory},
  author={Rydeheard, David E and Burstall, Rod M},
  volume={152},
  year={1988},
  publisher={Prentice Hall Englewood Cliffs}
}
 
@book{barr1990category,
  title={Category theory for computing science},
  author={Barr, Michael and Wells, Charles},
  volume={1},
  year={1990},
  publisher={Prentice Hall New York}
}
 
@inproceedings{moggi1989computational,
  title={Computational lambda-calculus and monads},
  author={Moggi, Eugenio},
  booktitle={Logic in Computer Science, 1989. LICS'89, Proceedings., Fourth Annual Symposium on},
  pages={14--23},
  year={1989},
  organization={IEEE}
}
 
@book{mac2013categories,
  title={Categories for the working mathematician},
  author={Mac Lane, Saunders},
  volume={5},
  year={2013},
  publisher={Springer Science \& Business Media}
}
 
@article{mclarty2007last,
  title={The last mathematician from Hilbert's G{\"o}ttingen: Saunders mac lane as philosopher of mathematics},
  author={McLarty, Colin},
  journal={The British journal for the philosophy of science},
  volume={58},
  number={1},
  pages={77--112},
  year={2007},
  publisher={Br Soc Philosophy Sci}
}
 
@misc{awodey2006category,
  title={Category Theory, volume 49 of Oxford Logic Guides},
  author={Awodey, Steve},
  year={2006},
  publisher={Oxford University Press}
}
 
@article{eilenberg1945general,
  title={General theory of natural equivalences},
  author={Eilenberg, Samuel and MacLane, Saunders},
  journal={Transactions of the American Mathematical Society},
  volume={58},
  number={2},
  pages={231--294},
  year={1945},
  publisher={JSTOR}
}
 
@article{reynolds1980using,
  title={Using category theory to design implicit conversions and generic operators},
  author={Reynolds, John},
  journal={Semantics-directed compiler generation},
  pages={211--258},
  year={1980},
  publisher={Springer}
}
 
@inproceedings{jones1993glasgow,
  title={The Glasgow Haskell compiler: a technical overview},
  author={Jones, SL Peyton and Hall, Cordy and Hammond, Kevin and Partain, Will and Wadler, Philip},
  booktitle={Proc. UK joint framework for information technology (JFIT) technical conference},
  volume={93},
  year={1993}
}
 
@article{lawvere1996adjointness,
  title={Adjointness in foundations},
  author={LAWVERE, F WILLIAM},
  journal={Pure and Applied Mathematics},
  number={180},
  pages={181--189},
  year={1996}
}

@inproceedings{yorgey2012monoids,
  title={Monoids: theme and variations (functional pearl)},
  author={Yorgey, Brent A},
  booktitle={ACM SIGPLAN Notices},
  volume={47},
  number={12},
  pages={105--116},
  year={2012},
  organization={ACM}
}
 

%%%%%%%%%%%%%%%%%%%%%%%%%%%%%%%%%%%%%%%%%%%%%%%%%%%%%%
% The most common BiBTeX entry types
%
%    * Article: An article from a journal or magazine.
% 
%    * Book:  A book with an explicit publisher.
%
%    * Booklet:  A work that is printed and bound, but without 
%               a named publisher or sponsoring institution.
%
%    * Conference: An article in the proceedings of a conference. 
%                  This entry is identical to the 'inproceedings' 
%                  entry and is included for compatibility with another 
%                  text formatting system.
%
%    * Inbook: A part of a book, which may be a chapter and/or a 
%              range of pages.
%
%    * Incollection: A part of a book having its own title.
%
%    * Inproceedings: An article in a conference proceedings.
%
%    * Manual: Technical documentation.
%
%    * Mastersthesis: A Master's thesis.
%
%    * Misc: This is used when other entries do not fit.
%
%    * Phdthesis: A PhD thesis.
%
%    * Proceedings: The proceedings of a conference.
%
%    * Techreport: A report published by a school or other institution, 
%                  usually numbered within a series.
%
%    * Unpublished: A document having an author and title, but not 
%                   formally published.
%
%
% There are a huge number of BiBTeX guides online, more or less official.
